%% This BibTeX bibliography file was created using BibDesk.
%% http://bibdesk.sourceforge.net/


%% Created for Kim Steenstrup Pedersen at 2013-01-05 14:13:44 +0100 


%% Saved with string encoding Unicode (UTF-8) 



@inproceedings{Shi94a,
	Author = {J. Shi and C. Tomasi},
	Booktitle = {Proceedings of CVPR'94},
	Date-Added = {2013-01-05 14:13:32 +0100},
	Date-Modified = {2013-01-05 14:13:32 +0100},
	Keywords = {Tracking},
	Pages = {593--600},
	Title = {Good features to track},
	Year = {1994}}

@techreport{Tomasi91a,
	Author = {C. Tomasi and T. Kanade},
	Date-Added = {2013-01-05 14:13:32 +0100},
	Date-Modified = {2013-01-05 14:13:32 +0100},
	Institution = {Carnegie Mellon University},
	Keywords = {Tracking, Image descriptors},
	Month = {April},
	Number = {CMU-CS-91-132},
	Title = {Detection and Tracking of Point Features},
	Type = {Technical Report},
	Year = {1991}}
